@Book{ASTA,
  title = {Statistical Methods for the Social Sciences},
  author = {Agresti, Alan and Finlay, Barbara},
  publisher = {Pearson},
  address = {Edinburgh Gate, England},
  year = {2014},
  edition = {4th},
  note = {ISBN 978-1-292-02166-9},
}
